%% 
@Book{Course_book,
author = {Wulfram Gerstner, Werner M. Kistler, Richard Naud and Liam Paninski},
title = {Neuronal Dynamics},
publisher = {Cambridge University Press},
year = {2013}
}

@Book{Book,
author = {Albert Folch},
title = {Introduction to bioMEMS},
publisher = {CRC Press},
year = {2014}
}

@Book{Spiking,
author = {Wulfram Gerstner and Werner M. Kistler},
title = {Spiking Neuron Models},
publisher = {Cambridge University Press},
year = {2002}
}

@Book{math,
author = {Ermentrout, G. Bard, Terman and David H},
title = {Mathematical Foundations of Neuroscience},
publisher = {Springer},
year = {2010}
}

@Book{Purves,
author = {Dale Purves},
title = {Neuroscience},
publisher = {Sinauer Associates},
year = {2004}
}

@Online{ScholPed,
author = {Scholarpedia},
title = {Receptive field},
%year = {Retrieved 2020-03-07},
url = {http://www.scholarpedia.org/article/Receptive_field},
urldate = {2013-10-04}
}

%@Online{Namn,
%publisher = {namn},
%title = {Titel},
%year = {år},
%url = {www.NE.se},
%urldate = {2019-10-17}
%}

@article{pessoa,
title = "Mach Bands: How Many Models are Possible? Recent Experimental Findings and Modeling Attempts",
journal = "Vision Research",
volume = "36",
number = "19",
pages = "3205 - 3227",
year = "1996",
%url = "http://www.sciencedirect.com/science/article/pii/004269899500341X",
author = "Pessoa, L",
}

@article{syrkin,
title = "Simple cells may lie at the basis of mach bands: evidence from Physiological studies in the cat's visual cortex",
journal = "Experimental Brain Research",
volume = "102",
pages = "319 – 326",
year = "1994",
%url = "https://link.springer.com/article/10.1007/BF00227518",
author = "Syrkin, G. and Yinon, U. and Gur, M."
}

@article{robson,
author = {Enroth-Cugell, C. and Robson, J. G.},
title = {The contrast sensitivity of retinal ganglion cells of the cat},
journal = {The Journal of Physiology},
volume = {187},
number = {3},
pages = {517-552},
%url = {https://physoc.onlinelibrary.wiley.com/doi/abs/10.1113/jphysiol.1966.sp008107},
year = {1966}
}

@Online{Wiki,
author = {Wikipedia},
title = {Surface tension},
year = {2020-06-17},
url = {https://en.wikipedia.org/wiki/Surface_tension},
urldate = {2020-09-23}
}

@Online{MachWiki,
author = {Bildkälla:},
title = {[Mach Bands]},
%year = {Retrieved 2020-03-07},
url = {https://en.wikipedia.org/wiki/Mach_bands},
urldate = {2019-03-07}
}

@Book{Book1,
author = {Wulfram Gerstner, Werner M. Kistler, Richard Naud and Liam Paninski},
title = {Neuronal Dynamics},
publisher = {Cambridge University Press},
year = {2014}
}
%----------------------------------------------------

@Online{bild,
author = {Bildkälla:},
publisher = {namn},
title = {[Container ship]},
year = {2019},
url = {https://pxhere.com/en/photo/1597328},
urldate = {2019-12-06}
}


@online{ICCT,
author = {The International Council on Clean Transportation},
publisher = {The International Council on Clean Transportation},
title = {Air pollution and greenhouse gas emissions from ocean-going ships: impacts. Mitigation Options and Opportunities for Managing Growth},
year = {2007},
url = {https://theicct.org/sites/default/files/publications/oceangoing_ships_2007.pdf},
urldate = {2019-11-27}
}

@article{EYRING20104735,
title = "Transport impacts on atmosphere and climate: Shipping",
journal = "Atmospheric Environment",
volume = "44",
number = "37",
pages = "4735 - 4771",
year = "2010",
%note = "Transport Impacts on Atmosphere and Climate: The ATTICA Assessment Report",
issn = "1352-2310",
%doi = "https://doi.org/10.1016/j.atmosenv.2009.04.059",
url = "http://www.sciencedirect.com/science/article/pii/S1352231009003379",
author = "Veronika Eyring and Ivar S.A. Isaksen and Terje Berntsen and William J. Collins and James J. Corbett and Oyvind Endresen and Roy G. Grainger and Jana Moldanova and Hans Schlager and David S. Stevenson",
}

@article{ISI:000232110900002,
Author = {Eyring, V and Kohler, HW and van Aardenne, J and Lauer, A},
Title = {{Emissions from international shipping: 1. The last 50 years}},
Journal = {{Journal of Geophysical Reasearch-Atmospheres}},
Year = {{2005}},
Volume = {{110}},
Number = {{D17}},
%Month = {9},
Publisher = {{AMER GEOPHYSICAL UNION}},
Address = {{2000 FLORIDA AVE NW, WASHINGTON, DC 20009 USA}},
Type = {{Article}},
Language = {{English}},
Affiliation = {{Eyring, V (Reprint Author), DLR, Inst Phys Atmosphare, D-82234 Oberpfaffenhofen, Wessling, Germany.
   DLR, Inst Phys Atmosphare, D-82234 Oberpfaffenhofen, Wessling, Germany.
   Man B\&W Diesel AG, Augsburg, Germany.
   Max Planck Inst Chem, D-55128 Mainz, Germany.}},
%DOI = {{10.1029/2004JD005619}},
Article-Number = {{D17305}},
ISSN = {{2169-897X}},
EISSN = {{2169-8996}},
Keywords-Plus = {{MARINE BOUNDARY-LAYER; SHIPS; NITROGEN; IMPACT; OCEAN}},
Research-Areas = {{Meteorology \& Atmospheric Sciences}},
Web-of-Science-Categories  = {{Meteorology \& Atmospheric Sciences}},
Author-Email = {{veronika.eyring@dlr.de}},
ResearcherID-Numbers = {{Eyring, Veronika/O-9999-2016}},
ORCID-Numbers = {{Eyring, Veronika/0000-0002-6887-4885}},
Number-of-Cited-References = {{37}},
Times-Cited = {{265}},
Usage-Count-Last-180-days = {{5}},
Usage-Count-Since-2013 = {{71}},
Journal-ISO = {{J. Geophys. Res.-Atmos.}},
Doc-Delivery-Number = {{967SG}},
Unique-ID = {{ISI:000232110900002}},
DA = {{2019-11-27}},
}


@article{Eyring_intship2,
Author = {Eyring, V and Kohler, HW and Lauer, A and Lemper, B},
Title = {{Emissions from international shipping: 2. Impact of future technologies
   on scenarios until 2050}},
Journal = {{Journal of Geophysical Reasearch-Atmospheres}},
Year = {{2005}},
Volume = {{110}},
Number = {{D17}},
%Month = {{SEP 15}},
Publisher = {{AMER GEOPHYSICAL UNION}},
Address = {{2000 FLORIDA AVE NW, WASHINGTON, DC 20009 USA}},
Type = {{Article}},
Language = {{English}},
Affiliation = {{Eyring, V (Reprint Author), DLR, Inst Phys Atmosphare, D-82234 Oberpfaffenhofen, Wessling, Germany.
   DLR, Inst Phys Atmosphare, D-82234 Oberpfaffenhofen, Wessling, Germany.
   MAN B\&W Diesel AG, Augsburg, Germany.
   Inst Shipping Econ \& Logist, D-28359 Bremen, Germany.}},
%DOI = {{10.1029/2004JD005620}},
Article-Number = {{D17306}},
ISSN = {{2169-897X}},
EISSN = {{2169-8996}},
Keywords-Plus = {{MARINE BOUNDARY-LAYER; CLIMATE; SHIPS; OCEAN}},
Research-Areas = {{Meteorology \& Atmospheric Sciences}},
Web-of-Science-Categories  = {{Meteorology \& Atmospheric Sciences}},
Author-Email = {{veronika.eyring@dlr.de}},
ResearcherID-Numbers = {{Eyring, Veronika/O-9999-2016}},
ORCID-Numbers = {{Eyring, Veronika/0000-0002-6887-4885}},
Number-of-Cited-References = {{61}},
Times-Cited = {{108}},
Usage-Count-Last-180-days = {{3}},
Usage-Count-Since-2013 = {{46}},
Journal-ISO = {{J. Geophys. Res.-Atmos.}},
Doc-Delivery-Number = {{967SG}},
Unique-ID = {{ISI:000232110900003}},
DA = {{2019-11-27}},
}


@article{Corbett,
Author = {Corbett, JJ and Fischbeck, PS},
Title = {{Commercial marine emissions and life-cycle analysis of retrofit controls
   in a changing science and policy environment}},
Journal = {{Naval Engineers Journal}},
Year = {{2002}},
Volume = {{114}},
Number = {{1}},
Pages = {{93-106}},
%Month = {{WIN}},
Publisher = {{AMER SOC NAVAL ENG INC}},
Address = {{1452 DUKE STREET, ALEXANDRIA, VA 22314-3458 USA}},
Type = {{Article}},
%Language = {{English}},
Affiliation = {{Corbett, JJ (Reprint Author), Univ Delaware, Grad Coll Marine Studies, Newark, DE 19716 USA.
   Univ Delaware, Grad Coll Marine Studies, Newark, DE 19716 USA.}},
%DOI = {{10.1111/j.1559-3584.2002.tb00113.x}},
ISSN = {{0028-1425}},
Research-Areas = {{Engineering; Oceanography}},
Web-of-Science-Categories  = {{Engineering, Marine; Engineering, Civil; Oceanography}},
ResearcherID-Numbers = {{Corbett, James J./B-3321-2009}},
ORCID-Numbers = {{Corbett, James J./0000-0002-2588-3474}},
Number-of-Cited-References = {{39}},
Times-Cited = {{12}},
Usage-Count-Last-180-days = {{1}},
Usage-Count-Since-2013 = {{5}},
Journal-ISO = {{Nav. Eng. J.}},
Doc-Delivery-Number = {{627YK}},
Unique-ID = {{ISI:000179964300009}},
DA = {{2019-11-27}},
}

@online{OECD2011,
author = {OECD},
publisher = {OECD Publishing},
title = {Environmental Impacts of International Shipping: The role of ports},
year = {2011},
url = {https://read.oecd-ilibrary.org/environment/environmental-impacts-of-international-shipping_9789264097339-en#page1},
urldate = {2019-11-29}
}


@article{WaterScrubbing,
author = {Andreasen, Anders and Mayer, Stefan},
year = {2007},
%month = {10},
pages = {},
title = {Use of Seawater Scrubbing for SO2 Removal from Marine Engine Exhaust Gas},
volume = {21},
journal = {Energy & Fuels},
%doi = {10.1021/ef700359w}
}

@article{UNCTAD17,
author = {United Nations Conference on Trade and Developement
(UNCTAD)},
publisher = {UNITED NATIONS PUBLICATION},
title = {Review of Maritame Transport 2017},
year = {2017},
url = {https://unctad.org/en/PublicationsLibrary/rmt2017_en.pdf},
urldate = {2019-12-02}
}

@online{UNCTAD19,
author = {United Nations Conference on Trade and Developement
(UNCTAD)},
publisher = {UNITED NATIONS PUBLICATION},
title = {Review of Maritame Transport 2019},
year = {2019},
url = {https://unctad.org/en/PublicationsLibrary/rmt2019_en.pdf},
urldate = {2019-12-02}
}


@online{IMO2014GHG,
author = {International Maritime Organization},
publisher = {International Maritime Organization},
title = {Third IMO GHG Study 2014: Executive Summary and Final Report},
year = {2015},
url = {http://www.imo.org/en/OurWork/Environment/PollutionPrevention/AirPollution/Documents/Third\%20Greenhouse\%20Gas\%20Study/GHG3\%20Executive\%20Summary\%20and\%20Report.pdf},
urldate = {2019-11-28}
}

@online{UNsustain,
author = {United Nations},
publisher = {UNITED NATIONS PUBLICATION},
title = {Factsheet: People and Oceans},
year = {2017},
url = {https://www.un.org/sustainabledevelopment/wp-content/uploads/2017/05/Ocean-fact-sheet-package.pdf},
urldate = {2019-12-03}
}

@online{IMO2009GHG,
author = {International Maritime Organization},
publisher = {International Maritime Organization},
title = {Second IMO GHG Study 2009},
year = {2009},
url = {http://www.imo.org/en/OurWork/Environment/PollutionPrevention/AirPollution/Documents/SecondIMOGHGStudy2009.pdf},
urldate = {2019-12-03}
}

@online{kina,
author = {The Maritime Executive},
publisher = {The Maritime Executive},
title = {Chinese Yard Launches Battery-Powered Coal Carrier},
year = {2017},
url = {https://maritime-executive.com/article/chinese-yard-launches-battery-powered-coal-carrier},
urldate = {2019-12-03}
}

@article{BalanceEE,
title = "Balancing the economic and environmental performance of maritime transportation",
journal = "Transportation Research Part D: Transport and Environment",
volume = "15",
number = "8",
pages = "458 - 462",
year = "2010",
issn = "1361-9209",
%doi = "https://doi.org/10.1016/j.trd.2010.05.001",
url = "http://www.sciencedirect.com/science/article/pii/S136192091000074X",
author = "Harilaos N. Psaraftis and Christos A. Kontovas",
}

@article{Cariou,
title = "Is slow steaming a sustainable means of reducing CO2 emissions from container shipping?",
journal = "Transportation Research Part D: Transport and Environment",
volume = "16",
number = "3",
pages = "260 - 264",
year = "2011",
issn = "1361-9209",
%doi = "https://doi.org/10.1016/j.trd.2010.12.005",
url = "http://www.sciencedirect.com/science/article/pii/S1361920910001690",
author = "Pierre Cariou",
}

@Online{NASA,
author = {National Aeronautics and Space Administration},
publisher = {National Aeronautics and Space Administration},
title = {The Drag Equation},
year = {2015},
url = {https://www.grc.nasa.gov/WWW/K-12/airplane/drageq.html},
urldate = {2019-12-05},
}

@Online{EPA,
author = {United States Enviromental Protection Agency},
publisher = {United States Enviromental Protection Agency},
title = {Understanding Global Warming Potentials},
year = {2017},
url = {https://www.epa.gov/ghgemissions/understanding-global-warming-potentials},
urldate = {2019-12-08}
}

@online{ICCTANDELAR,
author = {Sarah Keller},
publisher = {The International Council on Clean Transportation},
title = {A world of thoughts on Phase 2},
year = {2016},
url = {https://theicct.org/blogs/staff/a-world-of-thoughts-on-phase-2},
urldate = {2019-11-09}
}
